<record><leader>00000cas a22000007a 4500</leader><controlfield tag="001">15639663</controlfield><controlfield tag="008">870506d19uu1953iauer ne      0    0eng d</controlfield><datafield ind1=" " ind2=" " tag="010"><subfield code="a">sn 87057279 </subfield></datafield><datafield ind1=" " ind2=" " tag="040"><subfield code="a">INP</subfield><subfield code="b">eng</subfield><subfield code="c">INP</subfield><subfield code="d">OCLCQ</subfield></datafield><datafield ind1=" " ind2=" " tag="042"><subfield code="a">msc</subfield></datafield><datafield ind1="0" ind2=" " tag="130"><subfield code="a">Lineville tribune (Lineville, Iowa : 1929)</subfield></datafield><datafield ind1="1" ind2="4" tag="245"><subfield code="a">The Lineville tribune.</subfield></datafield><datafield ind1=" " ind2=" " tag="260"><subfield code="a">Lineville, Iowa :</subfield><subfield code="b">E.C. Varney</subfield></datafield><datafield ind1=" " ind2=" " tag="300"><subfield code="a">v.</subfield></datafield><datafield ind1=" " ind2=" " tag="310"><subfield code="a">Biweekly,</subfield><subfield code="b">&lt;Aug. 13, 1953&gt;</subfield></datafield><datafield ind1=" " ind2=" " tag="321"><subfield code="a">Weekly,</subfield><subfield code="b">&lt;Sept. 26, 1929-Feb. 12, 1948&gt;</subfield></datafield><datafield ind1="1" ind2=" " tag="362"><subfield code="a">Ceased in 1953?</subfield></datafield><datafield ind1=" " ind2=" " tag="500"><subfield code="a">Publisher varies.</subfield></datafield><datafield ind1=" " ind2=" " tag="588"><subfield code="a">Description based on: Vol. 58, no. 32 (Sept. 26, 1929).</subfield></datafield><datafield ind1=" " ind2=" " tag="752"><subfield code="a">United States</subfield><subfield code="b">Iowa</subfield><subfield code="c">Wayne</subfield><subfield code="d">Lineville.</subfield></datafield><datafield ind1="0" ind2="0" tag="780"><subfield code="t">Tribune (Lineville, Iowa)</subfield><subfield code="w">(DLC)sn 87057280</subfield></datafield><datafield ind1="1" ind2=" " tag="029"><subfield code="a">AU@</subfield><subfield code="b">000025474874</subfield></datafield></record>